@Book{ghallab:2004,
  author    = 	 {Malik Ghallab and Dana Nau and Paolo Traverso},
  title     = 	 {Automated Planning: Theory and Practice},
  publisher = 	 {Morgan Kaufmann Publishers},
  year      = 	 {2004}
}
@Book{russell:2009,
  author =       {Stuart Russell and Peter Norvig},
  title = 	 {Artificial Intelligence: A Modern Approach},
  publisher = 	 {Pearson Education},
  edition =      {3rd},
  year = 	 {2009}
}


@Book{snyman:2005,
  author = 	 {Jan A. Snyman},
  title = 	 {Practical Mathematical Optimization: An Introduction to Basic Optimization Theory and Classical and New Gradient-Based Algorithms.},
  publisher = 	 {Springer Publishing},
  year = 	 {2005}
}

